<?xml version="1.0" ?>
<bibRecords>
    <bibRecord>
        <bib>
            <owningInstitutionId>NYPL</owningInstitutionId>
            <owningInstitutionBibId>.b160150577123</owningInstitutionBibId>
            <content>
                <collection xmlns="http://www.loc.gov/MARC21/slim">
                    <record>
                        <controlfield tag="001">NYPN04-B1095</controlfield>
                        <controlfield tag="003">CStRLIN</controlfield>
                        <controlfield tag="005">20041217093222.6</controlfield>
                        <controlfield tag="008">041216s1991 sy ab b f100 0 ara d</controlfield>
                        <datafield ind1=" " ind2=" " tag="010">
                            <subfield code="a">92963554</subfield>
                        </datafield>
                        <datafield ind1=" " ind2=" " tag="040">
                            <subfield code="a">MH</subfield>
                            <subfield code="c">MH</subfield>
                            <subfield code="d">NjP</subfield>
                            <subfield code="d">MiU</subfield>
                            <subfield code="d">DLC-R</subfield>
                            <subfield code="d">NN</subfield>
                            <subfield code="d">OCoLC</subfield>
                        </datafield>
                        <datafield ind1=" " ind2=" " tag="042">
                            <subfield code="a">lccopycat</subfield>
                        </datafield>
                        <datafield ind1=" " ind2=" " tag="043">
                            <subfield code="a">e-sp---</subfield>
                        </datafield>
                        <datafield ind1="0" ind2="0" tag="050">
                            <subfield code="a">DS36.82.S7</subfield>
                            <subfield code="b">N33 1990 &lt;AMED Arab&gt;</subfield>
                        </datafield>
                        <datafield ind1=" " ind2=" " tag="066">
                            <subfield code="c">(3</subfield>
                        </datafield>
                        <datafield ind1="1" ind2="3" tag="245">
                            <subfield code="6">880-02</subfield>
                            <subfield code="a">al-Thaqāfah al-ʻArabīyah al-Isbānīyah ʻabra al-tārīkh :</subfield>
                            <subfield code="b">dirāsāt wa-abḥāth : al-dirāsāt allātī ulqiyat fī Nadwat al-Thaqāfah
                                al-ʻArabīyah-al-Isbānīyah ʻabra al-Tārīkh, Dimashq, 10-13 Kānūn al-Awwal "Dīsimbir" 1990
                                /
                            </subfield>
                            <subfield code="c">qāmat bi-taṣnīf muḥāḍarāt al-nadwah wa-iʻdādihā lil-ṭibāʻah Bāsimah
                                al-Jazāʼirī.
                            </subfield>
                        </datafield>
                        <datafield ind1=" " ind2=" " tag="260">
                            <subfield code="6">880-03</subfield>
                            <subfield code="a">Dimashq :</subfield>
                            <subfield code="b">Wizārat al-Thaqāfah,</subfield>
                            <subfield code="c">1991.</subfield>
                        </datafield>
                        <datafield ind1=" " ind2=" " tag="300">
                            <subfield code="a">560 p. :</subfield>
                            <subfield code="b">ill., map ;</subfield>
                            <subfield code="c">24 cm.</subfield>
                        </datafield>
                        <datafield ind1=" " ind2=" " tag="504">
                            <subfield code="a">Includes bibliographical references.</subfield>
                        </datafield>
                        <datafield ind1=" " ind2=" " tag="546">
                            <subfield code="a">In Arabic.</subfield>
                        </datafield>
                        <datafield ind1=" " ind2="0" tag="650">
                            <subfield code="a">Civilization, Arab</subfield>
                            <subfield code="z">Spain</subfield>
                            <subfield code="v">Congresses.</subfield>
                        </datafield>
                        <datafield ind1=" " ind2="0" tag="651">
                            <subfield code="a">Andalusia (Spain)</subfield>
                            <subfield code="x">Civilization</subfield>
                            <subfield code="v">Congresses.</subfield>
                        </datafield>
                        <datafield ind1=" " ind2="0" tag="650">
                            <subfield code="a">Muslims</subfield>
                            <subfield code="z">Spain</subfield>
                            <subfield code="v">Congresses.</subfield>
                        </datafield>
                        <datafield ind1="1" ind2=" " tag="700">
                            <subfield code="6">880-04</subfield>
                            <subfield code="a">Jazāʼirī, Bāsimah.</subfield>
                        </datafield>
                        <datafield ind1="2" ind2=" " tag="880">
                            <subfield code="6">111-01/(3/r</subfield>
                            <subfield code="a">ندوة الثقافة العربية الاسبانية عبر التاريخ</subfield>
                            <subfield code="d">(1990 :</subfield>
                            <subfield code="c">دمشق)</subfield>
                        </datafield>
                        <datafield ind1="1" ind2="3" tag="880">
                            <subfield code="6">245-02/(3/r</subfield>
                            <subfield code="a">الثقافة العربية الاسبانية عبر التاريخ ،</subfield>
                            <subfield code="b">دراسات و أبحاث ، الدراسات التي ألقيت في ندوة الثقافة العربية الاسبانية
                                عبر التاريخ, دمشق , 10-13 كانون الأول ُديسمبرُ1990 /
                            </subfield>
                            <subfield code="c">قامت بتصنيف محاضرات الندوة وإعدادها للطباعة باسمة الجزائري.</subfield>
                        </datafield>
                        <datafield ind1=" " ind2=" " tag="880">
                            <subfield code="6">260-03/(3/r</subfield>
                            <subfield code="a">دمشق ،</subfield>
                            <subfield code="b">وزارة الثقافة/</subfield>
                            <subfield code="c">1991.</subfield>
                        </datafield>
                        <datafield ind1="1" ind2=" " tag="880">
                            <subfield code="6">700-04/(3/r</subfield>
                            <subfield code="a">جزائري, باسمة.</subfield>
                        </datafield>
                        <datafield ind1=" " ind2=" " tag="907">
                            <subfield code="a">.b160150577</subfield>
                            <subfield code="c">m</subfield>
                            <subfield code="d">a</subfield>
                            <subfield code="e">-</subfield>
                            <subfield code="f">ara</subfield>
                            <subfield code="g">sy</subfield>
                            <subfield code="h">3</subfield>
                            <subfield code="i">1</subfield>
                        </datafield>
                        <datafield ind1=" " ind2=" " tag="952">
                            <subfield code="h">*OFN 04-9746</subfield>
                        </datafield>
                        <datafield ind1=" " ind2=" " tag="991">
                            <subfield code="y">38959581</subfield>
                        </datafield>
                        <datafield ind1=" " ind2=" " tag="035">
                            <subfield code="a">(OCoLC)38959581</subfield>
                        </datafield>
                        <leader>02072nam a2200373 a 4500</leader>
                    </record>
                </collection>
            </content>
        </bib>
    </bibRecord>
</bibRecords>
